%YAML 1.1
%TAG !u! tag:unity3d.com,2011:
--- !u!29 &1
OcclusionCullingSettings:
  m_ObjectHideFlags: 0
  serializedVersion: 2
  m_OcclusionBakeSettings:
    smallestOccluder: 5
    smallestHole: 0.25
    backfaceThreshold: 100
  m_SceneGUID: 00000000000000000000000000000000
  m_OcclusionCullingData: {fileID: 0}
--- !u!104 &2
RenderSettings:
  m_ObjectHideFlags: 0
  serializedVersion: 9
  m_Fog: 0
  m_FogColor: {r: 0.5, g: 0.5, b: 0.5, a: 1}
  m_FogMode: 3
  m_FogDensity: 0.01
  m_LinearFogStart: 0
  m_LinearFogEnd: 300
  m_AmbientSkyColor: {r: 0.212, g: 0.227, b: 0.259, a: 1}
  m_AmbientEquatorColor: {r: 0.114, g: 0.125, b: 0.133, a: 1}
  m_AmbientGroundColor: {r: 0.047, g: 0.043, b: 0.035, a: 1}
  m_AmbientIntensity: 1
  m_AmbientMode: 0
  m_SubtractiveShadowColor: {r: 0.42, g: 0.478, b: 0.627, a: 1}
  m_SkyboxMaterial: {fileID: 10304, guid: 0000000000000000f000000000000000, type: 0}
  m_HaloStrength: 0.5
  m_FlareStrength: 1
  m_FlareFadeSpeed: 3
  m_HaloTexture: {fileID: 0}
  m_SpotCookie: {fileID: 10001, guid: 0000000000000000e000000000000000, type: 0}
  m_DefaultReflectionMode: 0
  m_DefaultReflectionResolution: 128
  m_ReflectionBounces: 1
  m_ReflectionIntensity: 1
  m_CustomReflection: {fileID: 0}
  m_Sun: {fileID: 0}
  m_IndirectSpecularColor: {r: 0, g: 0, b: 0, a: 1}
  m_UseRadianceAmbientProbe: 0
--- !u!157 &3
LightmapSettings:
  m_ObjectHideFlags: 0
  serializedVersion: 11
  m_GIWorkflowMode: 1
  m_GISettings:
    serializedVersion: 2
    m_BounceScale: 1
    m_IndirectOutputScale: 1
    m_AlbedoBoost: 1
    m_EnvironmentLightingMode: 0
    m_EnableBakedLightmaps: 0
    m_EnableRealtimeLightmaps: 0
  m_LightmapEditorSettings:
    serializedVersion: 10
    m_Resolution: 2
    m_BakeResolution: 40
    m_AtlasSize: 1024
    m_AO: 0
    m_AOMaxDistance: 1
    m_CompAOExponent: 1
    m_CompAOExponentDirect: 0
    m_Padding: 2
    m_LightmapParameters: {fileID: 0}
    m_LightmapsBakeMode: 1
    m_TextureCompression: 1
    m_FinalGather: 0
    m_FinalGatherFiltering: 1
    m_FinalGatherRayCount: 256
    m_ReflectionCompression: 2
    m_MixedBakeMode: 2
    m_BakeBackend: 1
    m_PVRSampling: 1
    m_PVRDirectSampleCount: 32
    m_PVRSampleCount: 500
    m_PVRBounces: 2
    m_PVRFilterTypeDirect: 0
    m_PVRFilterTypeIndirect: 0
    m_PVRFilterTypeAO: 0
    m_PVRFilteringMode: 1
    m_PVRCulling: 1
    m_PVRFilteringGaussRadiusDirect: 1
    m_PVRFilteringGaussRadiusIndirect: 5
    m_PVRFilteringGaussRadiusAO: 2
    m_PVRFilteringAtrousPositionSigmaDirect: 0.5
    m_PVRFilteringAtrousPositionSigmaIndirect: 2
    m_PVRFilteringAtrousPositionSigmaAO: 1
    m_ShowResolutionOverlay: 1
  m_LightingDataAsset: {fileID: 0}
  m_UseShadowmask: 1
--- !u!196 &4
NavMeshSettings:
  serializedVersion: 2
  m_ObjectHideFlags: 0
  m_BuildSettings:
    serializedVersion: 2
    agentTypeID: 0
    agentRadius: 0.5
    agentHeight: 2
    agentSlope: 45
    agentClimb: 0.4
    ledgeDropHeight: 0
    maxJumpAcrossDistance: 0
    minRegionArea: 2
    manualCellSize: 0
    cellSize: 0.16666667
    manualTileSize: 0
    tileSize: 256
    accuratePlacement: 0
    debug:
      m_Flags: 0
  m_NavMeshData: {fileID: 0}
--- !u!4 &146946656 stripped
Transform:
  m_CorrespondingSourceObject: {fileID: 2269346183296588265, guid: e9a076d7645896d49bf43f911edc6b1e,
    type: 3}
  m_PrefabInstance: {fileID: 311994303}
  m_PrefabAsset: {fileID: 0}
--- !u!4 &167163274 stripped
Transform:
  m_CorrespondingSourceObject: {fileID: 2269346183296588265, guid: e9a076d7645896d49bf43f911edc6b1e,
    type: 3}
  m_PrefabInstance: {fileID: 323293189}
  m_PrefabAsset: {fileID: 0}
--- !u!1 &204283352
GameObject:
  m_ObjectHideFlags: 0
  m_CorrespondingSourceObject: {fileID: 0}
  m_PrefabInstance: {fileID: 0}
  m_PrefabAsset: {fileID: 0}
  serializedVersion: 6
  m_Component:
  - component: {fileID: 204283354}
  - component: {fileID: 204283353}
  m_Layer: 0
  m_Name: Directional Light
  m_TagString: Untagged
  m_Icon: {fileID: 0}
  m_NavMeshLayer: 0
  m_StaticEditorFlags: 0
  m_IsActive: 1
--- !u!108 &204283353
Light:
  m_ObjectHideFlags: 0
  m_CorrespondingSourceObject: {fileID: 0}
  m_PrefabInstance: {fileID: 0}
  m_PrefabAsset: {fileID: 0}
  m_GameObject: {fileID: 204283352}
  m_Enabled: 1
  serializedVersion: 8
  m_Type: 1
  m_Color: {r: 1, g: 0.95686275, b: 0.8392157, a: 1}
  m_Intensity: 1
  m_Range: 10
  m_SpotAngle: 30
  m_CookieSize: 10
  m_Shadows:
    m_Type: 2
    m_Resolution: -1
    m_CustomResolution: -1
    m_Strength: 1
    m_Bias: 0.05
    m_NormalBias: 0.4
    m_NearPlane: 0.2
  m_Cookie: {fileID: 0}
  m_DrawHalo: 0
  m_Flare: {fileID: 0}
  m_RenderMode: 0
  m_CullingMask:
    serializedVersion: 2
    m_Bits: 4294967295
  m_Lightmapping: 4
  m_LightShadowCasterMode: 0
  m_AreaSize: {x: 1, y: 1}
  m_BounceIntensity: 1
  m_ColorTemperature: 6570
  m_UseColorTemperature: 0
  m_ShadowRadius: 0
  m_ShadowAngle: 0
--- !u!4 &204283354
Transform:
  m_ObjectHideFlags: 0
  m_CorrespondingSourceObject: {fileID: 0}
  m_PrefabInstance: {fileID: 0}
  m_PrefabAsset: {fileID: 0}
  m_GameObject: {fileID: 204283352}
  m_LocalRotation: {x: 0.40821788, y: -0.23456968, z: 0.10938163, w: 0.8754261}
  m_LocalPosition: {x: 0, y: 3, z: 0}
  m_LocalScale: {x: 1, y: 1, z: 1}
  m_Children: []
  m_Father: {fileID: 0}
  m_RootOrder: 5
  m_LocalEulerAnglesHint: {x: 50, y: -30, z: 0}
--- !u!1001 &217690877
PrefabInstance:
  m_ObjectHideFlags: 0
  serializedVersion: 2
  m_Modification:
    m_TransformParent: {fileID: 0}
    m_Modifications:
    - target: {fileID: 4215309745429766328, guid: de35d0ba1c7f1fd4eb16fbdfd2ca6a59,
        type: 3}
      propertyPath: m_Name
      value: GameplayCanvas
      objectReference: {fileID: 0}
    - target: {fileID: 852088851762324410, guid: de35d0ba1c7f1fd4eb16fbdfd2ca6a59,
        type: 3}
      propertyPath: m_LocalPosition.x
      value: 0
      objectReference: {fileID: 0}
    - target: {fileID: 852088851762324410, guid: de35d0ba1c7f1fd4eb16fbdfd2ca6a59,
        type: 3}
      propertyPath: m_LocalPosition.y
      value: 0
      objectReference: {fileID: 0}
    - target: {fileID: 852088851762324410, guid: de35d0ba1c7f1fd4eb16fbdfd2ca6a59,
        type: 3}
      propertyPath: m_LocalPosition.z
      value: 0
      objectReference: {fileID: 0}
    - target: {fileID: 852088851762324410, guid: de35d0ba1c7f1fd4eb16fbdfd2ca6a59,
        type: 3}
      propertyPath: m_LocalRotation.x
      value: 0
      objectReference: {fileID: 0}
    - target: {fileID: 852088851762324410, guid: de35d0ba1c7f1fd4eb16fbdfd2ca6a59,
        type: 3}
      propertyPath: m_LocalRotation.y
      value: 0
      objectReference: {fileID: 0}
    - target: {fileID: 852088851762324410, guid: de35d0ba1c7f1fd4eb16fbdfd2ca6a59,
        type: 3}
      propertyPath: m_LocalRotation.z
      value: 0
      objectReference: {fileID: 0}
    - target: {fileID: 852088851762324410, guid: de35d0ba1c7f1fd4eb16fbdfd2ca6a59,
        type: 3}
      propertyPath: m_LocalRotation.w
      value: 1
      objectReference: {fileID: 0}
    - target: {fileID: 852088851762324410, guid: de35d0ba1c7f1fd4eb16fbdfd2ca6a59,
        type: 3}
      propertyPath: m_RootOrder
      value: 2
      objectReference: {fileID: 0}
    - target: {fileID: 852088851762324410, guid: de35d0ba1c7f1fd4eb16fbdfd2ca6a59,
        type: 3}
      propertyPath: m_LocalEulerAnglesHint.x
      value: 0
      objectReference: {fileID: 0}
    - target: {fileID: 852088851762324410, guid: de35d0ba1c7f1fd4eb16fbdfd2ca6a59,
        type: 3}
      propertyPath: m_LocalEulerAnglesHint.y
      value: 0
      objectReference: {fileID: 0}
    - target: {fileID: 852088851762324410, guid: de35d0ba1c7f1fd4eb16fbdfd2ca6a59,
        type: 3}
      propertyPath: m_LocalEulerAnglesHint.z
      value: 0
      objectReference: {fileID: 0}
    - target: {fileID: 852088851762324410, guid: de35d0ba1c7f1fd4eb16fbdfd2ca6a59,
        type: 3}
      propertyPath: m_AnchoredPosition.x
      value: 0
      objectReference: {fileID: 0}
    - target: {fileID: 852088851762324410, guid: de35d0ba1c7f1fd4eb16fbdfd2ca6a59,
        type: 3}
      propertyPath: m_AnchoredPosition.y
      value: 0
      objectReference: {fileID: 0}
    - target: {fileID: 852088851762324410, guid: de35d0ba1c7f1fd4eb16fbdfd2ca6a59,
        type: 3}
      propertyPath: m_SizeDelta.x
      value: 0
      objectReference: {fileID: 0}
    - target: {fileID: 852088851762324410, guid: de35d0ba1c7f1fd4eb16fbdfd2ca6a59,
        type: 3}
      propertyPath: m_SizeDelta.y
      value: 0
      objectReference: {fileID: 0}
    - target: {fileID: 852088851762324410, guid: de35d0ba1c7f1fd4eb16fbdfd2ca6a59,
        type: 3}
      propertyPath: m_AnchorMin.x
      value: 0
      objectReference: {fileID: 0}
    - target: {fileID: 852088851762324410, guid: de35d0ba1c7f1fd4eb16fbdfd2ca6a59,
        type: 3}
      propertyPath: m_AnchorMin.y
      value: 0
      objectReference: {fileID: 0}
    - target: {fileID: 852088851762324410, guid: de35d0ba1c7f1fd4eb16fbdfd2ca6a59,
        type: 3}
      propertyPath: m_AnchorMax.x
      value: 0
      objectReference: {fileID: 0}
    - target: {fileID: 852088851762324410, guid: de35d0ba1c7f1fd4eb16fbdfd2ca6a59,
        type: 3}
      propertyPath: m_AnchorMax.y
      value: 0
      objectReference: {fileID: 0}
    - target: {fileID: 852088851762324410, guid: de35d0ba1c7f1fd4eb16fbdfd2ca6a59,
        type: 3}
      propertyPath: m_Pivot.x
      value: 0
      objectReference: {fileID: 0}
    - target: {fileID: 852088851762324410, guid: de35d0ba1c7f1fd4eb16fbdfd2ca6a59,
        type: 3}
      propertyPath: m_Pivot.y
      value: 0
      objectReference: {fileID: 0}
    m_RemovedComponents: []
  m_SourcePrefab: {fileID: 100100000, guid: de35d0ba1c7f1fd4eb16fbdfd2ca6a59, type: 3}
--- !u!1001 &277829458
PrefabInstance:
  m_ObjectHideFlags: 0
  serializedVersion: 2
  m_Modification:
    m_TransformParent: {fileID: 554580643}
    m_Modifications:
    - target: {fileID: 2269346183296588270, guid: e9a076d7645896d49bf43f911edc6b1e,
        type: 3}
      propertyPath: m_Name
      value: Wall (1)
      objectReference: {fileID: 0}
    - target: {fileID: 2269346183296588265, guid: e9a076d7645896d49bf43f911edc6b1e,
        type: 3}
      propertyPath: m_LocalPosition.x
      value: 28.755424
      objectReference: {fileID: 0}
    - target: {fileID: 2269346183296588265, guid: e9a076d7645896d49bf43f911edc6b1e,
        type: 3}
      propertyPath: m_LocalPosition.y
      value: 1.7889068
      objectReference: {fileID: 0}
    - target: {fileID: 2269346183296588265, guid: e9a076d7645896d49bf43f911edc6b1e,
        type: 3}
      propertyPath: m_LocalPosition.z
      value: -4.103446
      objectReference: {fileID: 0}
    - target: {fileID: 2269346183296588265, guid: e9a076d7645896d49bf43f911edc6b1e,
        type: 3}
      propertyPath: m_LocalRotation.x
      value: -0.0000009238719
      objectReference: {fileID: 0}
    - target: {fileID: 2269346183296588265, guid: e9a076d7645896d49bf43f911edc6b1e,
        type: 3}
      propertyPath: m_LocalRotation.y
      value: -0.00000086426724
      objectReference: {fileID: 0}
    - target: {fileID: 2269346183296588265, guid: e9a076d7645896d49bf43f911edc6b1e,
        type: 3}
      propertyPath: m_LocalRotation.z
      value: -0.7071061
      objectReference: {fileID: 0}
    - target: {fileID: 2269346183296588265, guid: e9a076d7645896d49bf43f911edc6b1e,
        type: 3}
      propertyPath: m_LocalRotation.w
      value: -0.7071075
      objectReference: {fileID: 0}
    - target: {fileID: 2269346183296588265, guid: e9a076d7645896d49bf43f911edc6b1e,
        type: 3}
      propertyPath: m_RootOrder
      value: 4
      objectReference: {fileID: 0}
    - target: {fileID: 2269346183296588265, guid: e9a076d7645896d49bf43f911edc6b1e,
        type: 3}
      propertyPath: m_LocalEulerAnglesHint.x
      value: 0
      objectReference: {fileID: 0}
    - target: {fileID: 2269346183296588265, guid: e9a076d7645896d49bf43f911edc6b1e,
        type: 3}
      propertyPath: m_LocalEulerAnglesHint.y
      value: 0
      objectReference: {fileID: 0}
    - target: {fileID: 2269346183296588265, guid: e9a076d7645896d49bf43f911edc6b1e,
        type: 3}
      propertyPath: m_LocalEulerAnglesHint.z
      value: -270
      objectReference: {fileID: 0}
    - target: {fileID: 2269346183296588265, guid: e9a076d7645896d49bf43f911edc6b1e,
        type: 3}
      propertyPath: m_LocalScale.y
      value: 14.719552
      objectReference: {fileID: 0}
    - target: {fileID: 2269346183296588265, guid: e9a076d7645896d49bf43f911edc6b1e,
        type: 3}
      propertyPath: m_LocalScale.x
      value: 17.218023
      objectReference: {fileID: 0}
    - target: {fileID: 2269346183296588268, guid: e9a076d7645896d49bf43f911edc6b1e,
        type: 3}
      propertyPath: m_Enabled
      value: 1
      objectReference: {fileID: 0}
    - target: {fileID: 2269346183296588268, guid: e9a076d7645896d49bf43f911edc6b1e,
        type: 3}
      propertyPath: m_Center.y
      value: 0.35
      objectReference: {fileID: 0}
    - target: {fileID: 2269346185268593147, guid: e9a076d7645896d49bf43f911edc6b1e,
        type: 3}
      propertyPath: m_LocalPosition.y
      value: 0.22
      objectReference: {fileID: 0}
    - target: {fileID: 2269346185268593147, guid: e9a076d7645896d49bf43f911edc6b1e,
        type: 3}
      propertyPath: m_LocalPosition.x
      value: 0
      objectReference: {fileID: 0}
    - target: {fileID: 2269346185268593146, guid: e9a076d7645896d49bf43f911edc6b1e,
        type: 3}
      propertyPath: m_Center.y
      value: -0.09
      objectReference: {fileID: 0}
    m_RemovedComponents: []
  m_SourcePrefab: {fileID: 100100000, guid: e9a076d7645896d49bf43f911edc6b1e, type: 3}
--- !u!1001 &311994303
PrefabInstance:
  m_ObjectHideFlags: 0
  serializedVersion: 2
  m_Modification:
    m_TransformParent: {fileID: 554580643}
    m_Modifications:
    - target: {fileID: 2269346183296588270, guid: e9a076d7645896d49bf43f911edc6b1e,
        type: 3}
      propertyPath: m_Name
      value: Ground (1)
      objectReference: {fileID: 0}
    - target: {fileID: 2269346183296588265, guid: e9a076d7645896d49bf43f911edc6b1e,
        type: 3}
      propertyPath: m_LocalPosition.x
      value: -20.03
      objectReference: {fileID: 0}
    - target: {fileID: 2269346183296588265, guid: e9a076d7645896d49bf43f911edc6b1e,
        type: 3}
      propertyPath: m_LocalPosition.y
      value: -5.9430933
      objectReference: {fileID: 0}
    - target: {fileID: 2269346183296588265, guid: e9a076d7645896d49bf43f911edc6b1e,
        type: 3}
      propertyPath: m_LocalPosition.z
      value: -4.103446
      objectReference: {fileID: 0}
    - target: {fileID: 2269346183296588265, guid: e9a076d7645896d49bf43f911edc6b1e,
        type: 3}
      propertyPath: m_LocalRotation.x
      value: -0
      objectReference: {fileID: 0}
    - target: {fileID: 2269346183296588265, guid: e9a076d7645896d49bf43f911edc6b1e,
        type: 3}
      propertyPath: m_LocalRotation.y
      value: -0
      objectReference: {fileID: 0}
    - target: {fileID: 2269346183296588265, guid: e9a076d7645896d49bf43f911edc6b1e,
        type: 3}
      propertyPath: m_LocalRotation.z
      value: -0
      objectReference: {fileID: 0}
    - target: {fileID: 2269346183296588265, guid: e9a076d7645896d49bf43f911edc6b1e,
        type: 3}
      propertyPath: m_LocalRotation.w
      value: 1
      objectReference: {fileID: 0}
    - target: {fileID: 2269346183296588265, guid: e9a076d7645896d49bf43f911edc6b1e,
        type: 3}
      propertyPath: m_RootOrder
      value: 0
      objectReference: {fileID: 0}
    - target: {fileID: 2269346183296588265, guid: e9a076d7645896d49bf43f911edc6b1e,
        type: 3}
      propertyPath: m_LocalEulerAnglesHint.x
      value: 0
      objectReference: {fileID: 0}
    - target: {fileID: 2269346183296588265, guid: e9a076d7645896d49bf43f911edc6b1e,
        type: 3}
      propertyPath: m_LocalEulerAnglesHint.y
      value: 0
      objectReference: {fileID: 0}
    - target: {fileID: 2269346183296588265, guid: e9a076d7645896d49bf43f911edc6b1e,
        type: 3}
      propertyPath: m_LocalEulerAnglesHint.z
      value: 0
      objectReference: {fileID: 0}
    - target: {fileID: 2269346183296588265, guid: e9a076d7645896d49bf43f911edc6b1e,
        type: 3}
      propertyPath: m_LocalScale.x
      value: 27.637217
      objectReference: {fileID: 0}
    - target: {fileID: 2269346183296588265, guid: e9a076d7645896d49bf43f911edc6b1e,
        type: 3}
      propertyPath: m_LocalScale.z
      value: 0.81
      objectReference: {fileID: 0}
    - target: {fileID: 2269346185268593146, guid: e9a076d7645896d49bf43f911edc6b1e,
        type: 3}
      propertyPath: m_Size.x
      value: 0.98999417
      objectReference: {fileID: 0}
    - target: {fileID: 2269346185268593146, guid: e9a076d7645896d49bf43f911edc6b1e,
        type: 3}
      propertyPath: m_Center.x
      value: 0.004997149
      objectReference: {fileID: 0}
    - target: {fileID: 2269346185268593146, guid: e9a076d7645896d49bf43f911edc6b1e,
        type: 3}
      propertyPath: m_Center.y
      value: -0.120000005
      objectReference: {fileID: 0}
    m_RemovedComponents: []
  m_SourcePrefab: {fileID: 100100000, guid: e9a076d7645896d49bf43f911edc6b1e, type: 3}
--- !u!1001 &323293189
PrefabInstance:
  m_ObjectHideFlags: 0
  serializedVersion: 2
  m_Modification:
    m_TransformParent: {fileID: 554580643}
    m_Modifications:
    - target: {fileID: 2269346183296588270, guid: e9a076d7645896d49bf43f911edc6b1e,
        type: 3}
      propertyPath: m_Name
      value: Wall
      objectReference: {fileID: 0}
    - target: {fileID: 2269346183296588265, guid: e9a076d7645896d49bf43f911edc6b1e,
        type: 3}
      propertyPath: m_LocalPosition.x
      value: -33.104572
      objectReference: {fileID: 0}
    - target: {fileID: 2269346183296588265, guid: e9a076d7645896d49bf43f911edc6b1e,
        type: 3}
      propertyPath: m_LocalPosition.y
      value: 1.7889068
      objectReference: {fileID: 0}
    - target: {fileID: 2269346183296588265, guid: e9a076d7645896d49bf43f911edc6b1e,
        type: 3}
      propertyPath: m_LocalPosition.z
      value: -4.103446
      objectReference: {fileID: 0}
    - target: {fileID: 2269346183296588265, guid: e9a076d7645896d49bf43f911edc6b1e,
        type: 3}
      propertyPath: m_LocalRotation.x
      value: 0.7071061
      objectReference: {fileID: 0}
    - target: {fileID: 2269346183296588265, guid: e9a076d7645896d49bf43f911edc6b1e,
        type: 3}
      propertyPath: m_LocalRotation.y
      value: 0.70710754
      objectReference: {fileID: 0}
    - target: {fileID: 2269346183296588265, guid: e9a076d7645896d49bf43f911edc6b1e,
        type: 3}
      propertyPath: m_LocalRotation.z
      value: -0.000002115965
      objectReference: {fileID: 0}
    - target: {fileID: 2269346183296588265, guid: e9a076d7645896d49bf43f911edc6b1e,
        type: 3}
      propertyPath: m_LocalRotation.w
      value: -0.000002078712
      objectReference: {fileID: 0}
    - target: {fileID: 2269346183296588265, guid: e9a076d7645896d49bf43f911edc6b1e,
        type: 3}
      propertyPath: m_RootOrder
      value: 1
      objectReference: {fileID: 0}
    - target: {fileID: 2269346183296588265, guid: e9a076d7645896d49bf43f911edc6b1e,
        type: 3}
      propertyPath: m_LocalEulerAnglesHint.x
      value: 0
      objectReference: {fileID: 0}
    - target: {fileID: 2269346183296588265, guid: e9a076d7645896d49bf43f911edc6b1e,
        type: 3}
      propertyPath: m_LocalEulerAnglesHint.y
      value: -180.00002
      objectReference: {fileID: 0}
    - target: {fileID: 2269346183296588265, guid: e9a076d7645896d49bf43f911edc6b1e,
        type: 3}
      propertyPath: m_LocalEulerAnglesHint.z
      value: -270
      objectReference: {fileID: 0}
    - target: {fileID: 2269346183296588265, guid: e9a076d7645896d49bf43f911edc6b1e,
        type: 3}
      propertyPath: m_LocalScale.y
      value: 14.71956
      objectReference: {fileID: 0}
    - target: {fileID: 2269346183296588265, guid: e9a076d7645896d49bf43f911edc6b1e,
        type: 3}
      propertyPath: m_LocalScale.x
      value: 17.21803
      objectReference: {fileID: 0}
    - target: {fileID: 2269346183296588268, guid: e9a076d7645896d49bf43f911edc6b1e,
        type: 3}
      propertyPath: m_Enabled
      value: 1
      objectReference: {fileID: 0}
    - target: {fileID: 2269346183296588268, guid: e9a076d7645896d49bf43f911edc6b1e,
        type: 3}
      propertyPath: m_Center.y
      value: 0.35
      objectReference: {fileID: 0}
    - target: {fileID: 2269346185268593147, guid: e9a076d7645896d49bf43f911edc6b1e,
        type: 3}
      propertyPath: m_LocalPosition.y
      value: 0.22
      objectReference: {fileID: 0}
    - target: {fileID: 2269346185268593147, guid: e9a076d7645896d49bf43f911edc6b1e,
        type: 3}
      propertyPath: m_LocalPosition.x
      value: 0
      objectReference: {fileID: 0}
    - target: {fileID: 2269346185268593146, guid: e9a076d7645896d49bf43f911edc6b1e,
        type: 3}
      propertyPath: m_Center.y
      value: -0.09
      objectReference: {fileID: 0}
    m_RemovedComponents: []
  m_SourcePrefab: {fileID: 100100000, guid: e9a076d7645896d49bf43f911edc6b1e, type: 3}
--- !u!4 &341236657 stripped
Transform:
  m_CorrespondingSourceObject: {fileID: 2269346183296588265, guid: e9a076d7645896d49bf43f911edc6b1e,
    type: 3}
  m_PrefabInstance: {fileID: 791407575}
  m_PrefabAsset: {fileID: 0}
--- !u!1001 &455364442
PrefabInstance:
  m_ObjectHideFlags: 0
  serializedVersion: 2
  m_Modification:
    m_TransformParent: {fileID: 0}
    m_Modifications:
    - target: {fileID: 6169626545047034380, guid: a0501e86e4c55c74d876ef2cf32706f3,
        type: 3}
      propertyPath: m_Name
      value: InGameMenusCanvas
      objectReference: {fileID: 0}
    - target: {fileID: 6169626545047034419, guid: a0501e86e4c55c74d876ef2cf32706f3,
        type: 3}
      propertyPath: m_LocalPosition.x
      value: 0
      objectReference: {fileID: 0}
    - target: {fileID: 6169626545047034419, guid: a0501e86e4c55c74d876ef2cf32706f3,
        type: 3}
      propertyPath: m_LocalPosition.y
      value: 0
      objectReference: {fileID: 0}
    - target: {fileID: 6169626545047034419, guid: a0501e86e4c55c74d876ef2cf32706f3,
        type: 3}
      propertyPath: m_LocalPosition.z
      value: 0
      objectReference: {fileID: 0}
    - target: {fileID: 6169626545047034419, guid: a0501e86e4c55c74d876ef2cf32706f3,
        type: 3}
      propertyPath: m_LocalRotation.x
      value: 0
      objectReference: {fileID: 0}
    - target: {fileID: 6169626545047034419, guid: a0501e86e4c55c74d876ef2cf32706f3,
        type: 3}
      propertyPath: m_LocalRotation.y
      value: 0
      objectReference: {fileID: 0}
    - target: {fileID: 6169626545047034419, guid: a0501e86e4c55c74d876ef2cf32706f3,
        type: 3}
      propertyPath: m_LocalRotation.z
      value: 0
      objectReference: {fileID: 0}
    - target: {fileID: 6169626545047034419, guid: a0501e86e4c55c74d876ef2cf32706f3,
        type: 3}
      propertyPath: m_LocalRotation.w
      value: 1
      objectReference: {fileID: 0}
    - target: {fileID: 6169626545047034419, guid: a0501e86e4c55c74d876ef2cf32706f3,
        type: 3}
      propertyPath: m_RootOrder
      value: 1
      objectReference: {fileID: 0}
    - target: {fileID: 6169626545047034419, guid: a0501e86e4c55c74d876ef2cf32706f3,
        type: 3}
      propertyPath: m_LocalEulerAnglesHint.x
      value: 0
      objectReference: {fileID: 0}
    - target: {fileID: 6169626545047034419, guid: a0501e86e4c55c74d876ef2cf32706f3,
        type: 3}
      propertyPath: m_LocalEulerAnglesHint.y
      value: 0
      objectReference: {fileID: 0}
    - target: {fileID: 6169626545047034419, guid: a0501e86e4c55c74d876ef2cf32706f3,
        type: 3}
      propertyPath: m_LocalEulerAnglesHint.z
      value: 0
      objectReference: {fileID: 0}
    - target: {fileID: 6169626545047034419, guid: a0501e86e4c55c74d876ef2cf32706f3,
        type: 3}
      propertyPath: m_AnchoredPosition.x
      value: 0
      objectReference: {fileID: 0}
    - target: {fileID: 6169626545047034419, guid: a0501e86e4c55c74d876ef2cf32706f3,
        type: 3}
      propertyPath: m_AnchoredPosition.y
      value: 0
      objectReference: {fileID: 0}
    - target: {fileID: 6169626545047034419, guid: a0501e86e4c55c74d876ef2cf32706f3,
        type: 3}
      propertyPath: m_SizeDelta.x
      value: 0
      objectReference: {fileID: 0}
    - target: {fileID: 6169626545047034419, guid: a0501e86e4c55c74d876ef2cf32706f3,
        type: 3}
      propertyPath: m_SizeDelta.y
      value: 0
      objectReference: {fileID: 0}
    - target: {fileID: 6169626545047034419, guid: a0501e86e4c55c74d876ef2cf32706f3,
        type: 3}
      propertyPath: m_AnchorMin.x
      value: 0
      objectReference: {fileID: 0}
    - target: {fileID: 6169626545047034419, guid: a0501e86e4c55c74d876ef2cf32706f3,
        type: 3}
      propertyPath: m_AnchorMin.y
      value: 0
      objectReference: {fileID: 0}
    - target: {fileID: 6169626545047034419, guid: a0501e86e4c55c74d876ef2cf32706f3,
        type: 3}
      propertyPath: m_AnchorMax.x
      value: 0
      objectReference: {fileID: 0}
    - target: {fileID: 6169626545047034419, guid: a0501e86e4c55c74d876ef2cf32706f3,
        type: 3}
      propertyPath: m_AnchorMax.y
      value: 0
      objectReference: {fileID: 0}
    - target: {fileID: 6169626545047034419, guid: a0501e86e4c55c74d876ef2cf32706f3,
        type: 3}
      propertyPath: m_Pivot.x
      value: 0
      objectReference: {fileID: 0}
    - target: {fileID: 6169626545047034419, guid: a0501e86e4c55c74d876ef2cf32706f3,
        type: 3}
      propertyPath: m_Pivot.y
      value: 0
      objectReference: {fileID: 0}
    - target: {fileID: 6169626546511052428, guid: a0501e86e4c55c74d876ef2cf32706f3,
        type: 3}
      propertyPath: m_AnchorMin.y
      value: 0
      objectReference: {fileID: 0}
    - target: {fileID: 6169626546511052428, guid: a0501e86e4c55c74d876ef2cf32706f3,
        type: 3}
      propertyPath: m_AnchorMax.y
      value: 0
      objectReference: {fileID: 0}
    - target: {fileID: 6169626546511052428, guid: a0501e86e4c55c74d876ef2cf32706f3,
        type: 3}
      propertyPath: m_AnchoredPosition.x
      value: 0
      objectReference: {fileID: 0}
    - target: {fileID: 6169626546511052428, guid: a0501e86e4c55c74d876ef2cf32706f3,
        type: 3}
      propertyPath: m_AnchoredPosition.y
      value: 0
      objectReference: {fileID: 0}
    - target: {fileID: 6169626546511052428, guid: a0501e86e4c55c74d876ef2cf32706f3,
        type: 3}
      propertyPath: m_SizeDelta.x
      value: 0
      objectReference: {fileID: 0}
    m_RemovedComponents: []
  m_SourcePrefab: {fileID: 100100000, guid: a0501e86e4c55c74d876ef2cf32706f3, type: 3}
--- !u!1 &554580642
GameObject:
  m_ObjectHideFlags: 0
  m_CorrespondingSourceObject: {fileID: 0}
  m_PrefabInstance: {fileID: 0}
  m_PrefabAsset: {fileID: 0}
  serializedVersion: 6
  m_Component:
  - component: {fileID: 554580643}
  m_Layer: 0
  m_Name: Map
  m_TagString: Untagged
  m_Icon: {fileID: 0}
  m_NavMeshLayer: 0
  m_StaticEditorFlags: 0
  m_IsActive: 1
--- !u!4 &554580643
Transform:
  m_ObjectHideFlags: 0
  m_CorrespondingSourceObject: {fileID: 0}
  m_PrefabInstance: {fileID: 0}
  m_PrefabAsset: {fileID: 0}
  m_GameObject: {fileID: 554580642}
  m_LocalRotation: {x: 0, y: 0, z: 0, w: 1}
  m_LocalPosition: {x: 13.594573, y: -1.0689068, z: 0.8671875}
  m_LocalScale: {x: 1, y: 1, z: 1}
  m_Children:
  - {fileID: 146946656}
  - {fileID: 167163274}
  - {fileID: 1264246145}
  - {fileID: 341236657}
  - {fileID: 734722779}
  - {fileID: 724166039}
  - {fileID: 2008606317}
  - {fileID: 719064789}
  m_Father: {fileID: 0}
  m_RootOrder: 7
  m_LocalEulerAnglesHint: {x: 0, y: 0, z: 0}
--- !u!1001 &669787799
PrefabInstance:
  m_ObjectHideFlags: 0
  serializedVersion: 2
  m_Modification:
    m_TransformParent: {fileID: 554580643}
    m_Modifications:
    - target: {fileID: 2269346183296588270, guid: e9a076d7645896d49bf43f911edc6b1e,
        type: 3}
      propertyPath: m_Name
      value: Ground (4)
      objectReference: {fileID: 0}
    - target: {fileID: 2269346183296588265, guid: e9a076d7645896d49bf43f911edc6b1e,
        type: 3}
      propertyPath: m_LocalPosition.x
      value: 5.94
      objectReference: {fileID: 0}
    - target: {fileID: 2269346183296588265, guid: e9a076d7645896d49bf43f911edc6b1e,
        type: 3}
      propertyPath: m_LocalPosition.y
      value: -2.17
      objectReference: {fileID: 0}
    - target: {fileID: 2269346183296588265, guid: e9a076d7645896d49bf43f911edc6b1e,
        type: 3}
      propertyPath: m_LocalPosition.z
      value: -4.103446
      objectReference: {fileID: 0}
    - target: {fileID: 2269346183296588265, guid: e9a076d7645896d49bf43f911edc6b1e,
        type: 3}
      propertyPath: m_LocalRotation.x
      value: -0
      objectReference: {fileID: 0}
    - target: {fileID: 2269346183296588265, guid: e9a076d7645896d49bf43f911edc6b1e,
        type: 3}
      propertyPath: m_LocalRotation.y
      value: -0
      objectReference: {fileID: 0}
    - target: {fileID: 2269346183296588265, guid: e9a076d7645896d49bf43f911edc6b1e,
        type: 3}
      propertyPath: m_LocalRotation.z
      value: -0.70710576
      objectReference: {fileID: 0}
    - target: {fileID: 2269346183296588265, guid: e9a076d7645896d49bf43f911edc6b1e,
        type: 3}
      propertyPath: m_LocalRotation.w
      value: 0.70710784
      objectReference: {fileID: 0}
    - target: {fileID: 2269346183296588265, guid: e9a076d7645896d49bf43f911edc6b1e,
        type: 3}
      propertyPath: m_RootOrder
      value: 5
      objectReference: {fileID: 0}
    - target: {fileID: 2269346183296588265, guid: e9a076d7645896d49bf43f911edc6b1e,
        type: 3}
      propertyPath: m_LocalEulerAnglesHint.x
      value: 0
      objectReference: {fileID: 0}
    - target: {fileID: 2269346183296588265, guid: e9a076d7645896d49bf43f911edc6b1e,
        type: 3}
      propertyPath: m_LocalEulerAnglesHint.y
      value: 0
      objectReference: {fileID: 0}
    - target: {fileID: 2269346183296588265, guid: e9a076d7645896d49bf43f911edc6b1e,
        type: 3}
      propertyPath: m_LocalEulerAnglesHint.z
      value: -90.00001
      objectReference: {fileID: 0}
    - target: {fileID: 2269346183296588265, guid: e9a076d7645896d49bf43f911edc6b1e,
        type: 3}
      propertyPath: m_LocalScale.x
      value: 4.3949656
      objectReference: {fileID: 0}
    - target: {fileID: 2269346183296588265, guid: e9a076d7645896d49bf43f911edc6b1e,
        type: 3}
      propertyPath: m_LocalScale.z
      value: 0.81
      objectReference: {fileID: 0}
    - target: {fileID: 2269346183296588268, guid: e9a076d7645896d49bf43f911edc6b1e,
        type: 3}
      propertyPath: m_Center.y
      value: -0.02
      objectReference: {fileID: 0}
    - target: {fileID: 2269346183296588268, guid: e9a076d7645896d49bf43f911edc6b1e,
        type: 3}
      propertyPath: m_Size.y
      value: 1.25
      objectReference: {fileID: 0}
    - target: {fileID: 2269346185268593146, guid: e9a076d7645896d49bf43f911edc6b1e,
        type: 3}
      propertyPath: m_Center.y
      value: -0.03
      objectReference: {fileID: 0}
    - target: {fileID: 2269346185268593146, guid: e9a076d7645896d49bf43f911edc6b1e,
        type: 3}
      propertyPath: m_Size.y
      value: 1.01
      objectReference: {fileID: 0}
    - target: {fileID: 2269346185268593146, guid: e9a076d7645896d49bf43f911edc6b1e,
        type: 3}
      propertyPath: m_Size.x
      value: 1
      objectReference: {fileID: 0}
    m_RemovedComponents: []
  m_SourcePrefab: {fileID: 100100000, guid: e9a076d7645896d49bf43f911edc6b1e, type: 3}
--- !u!4 &719064789 stripped
Transform:
  m_CorrespondingSourceObject: {fileID: 2269346183296588265, guid: e9a076d7645896d49bf43f911edc6b1e,
    type: 3}
  m_PrefabInstance: {fileID: 1225896579}
  m_PrefabAsset: {fileID: 0}
--- !u!4 &724166039 stripped
Transform:
  m_CorrespondingSourceObject: {fileID: 2269346183296588265, guid: e9a076d7645896d49bf43f911edc6b1e,
    type: 3}
  m_PrefabInstance: {fileID: 669787799}
  m_PrefabAsset: {fileID: 0}
--- !u!4 &734722779 stripped
Transform:
  m_CorrespondingSourceObject: {fileID: 2269346183296588265, guid: e9a076d7645896d49bf43f911edc6b1e,
    type: 3}
  m_PrefabInstance: {fileID: 277829458}
  m_PrefabAsset: {fileID: 0}
--- !u!1001 &791407575
PrefabInstance:
  m_ObjectHideFlags: 0
  serializedVersion: 2
  m_Modification:
    m_TransformParent: {fileID: 554580643}
    m_Modifications:
    - target: {fileID: 2269346183296588270, guid: e9a076d7645896d49bf43f911edc6b1e,
        type: 3}
      propertyPath: m_Name
      value: Ground (2)
      objectReference: {fileID: 0}
    - target: {fileID: 2269346183296588265, guid: e9a076d7645896d49bf43f911edc6b1e,
        type: 3}
      propertyPath: m_LocalPosition.x
      value: 17.62
      objectReference: {fileID: 0}
    - target: {fileID: 2269346183296588265, guid: e9a076d7645896d49bf43f911edc6b1e,
        type: 3}
      propertyPath: m_LocalPosition.y
      value: -5.9430933
      objectReference: {fileID: 0}
    - target: {fileID: 2269346183296588265, guid: e9a076d7645896d49bf43f911edc6b1e,
        type: 3}
      propertyPath: m_LocalPosition.z
      value: -4.103446
      objectReference: {fileID: 0}
    - target: {fileID: 2269346183296588265, guid: e9a076d7645896d49bf43f911edc6b1e,
        type: 3}
      propertyPath: m_LocalRotation.x
      value: -0
      objectReference: {fileID: 0}
    - target: {fileID: 2269346183296588265, guid: e9a076d7645896d49bf43f911edc6b1e,
        type: 3}
      propertyPath: m_LocalRotation.y
      value: -0
      objectReference: {fileID: 0}
    - target: {fileID: 2269346183296588265, guid: e9a076d7645896d49bf43f911edc6b1e,
        type: 3}
      propertyPath: m_LocalRotation.z
      value: -0
      objectReference: {fileID: 0}
    - target: {fileID: 2269346183296588265, guid: e9a076d7645896d49bf43f911edc6b1e,
        type: 3}
      propertyPath: m_LocalRotation.w
      value: 1
      objectReference: {fileID: 0}
    - target: {fileID: 2269346183296588265, guid: e9a076d7645896d49bf43f911edc6b1e,
        type: 3}
      propertyPath: m_RootOrder
      value: 3
      objectReference: {fileID: 0}
    - target: {fileID: 2269346183296588265, guid: e9a076d7645896d49bf43f911edc6b1e,
        type: 3}
      propertyPath: m_LocalEulerAnglesHint.x
      value: 0
      objectReference: {fileID: 0}
    - target: {fileID: 2269346183296588265, guid: e9a076d7645896d49bf43f911edc6b1e,
        type: 3}
      propertyPath: m_LocalEulerAnglesHint.y
      value: 0
      objectReference: {fileID: 0}
    - target: {fileID: 2269346183296588265, guid: e9a076d7645896d49bf43f911edc6b1e,
        type: 3}
      propertyPath: m_LocalEulerAnglesHint.z
      value: 0
      objectReference: {fileID: 0}
    - target: {fileID: 2269346183296588265, guid: e9a076d7645896d49bf43f911edc6b1e,
        type: 3}
      propertyPath: m_LocalScale.x
      value: 35.660927
      objectReference: {fileID: 0}
    - target: {fileID: 2269346183296588265, guid: e9a076d7645896d49bf43f911edc6b1e,
        type: 3}
      propertyPath: m_LocalScale.z
      value: 0.81
      objectReference: {fileID: 0}
    - target: {fileID: 2269346185268593146, guid: e9a076d7645896d49bf43f911edc6b1e,
        type: 3}
      propertyPath: m_Size.x
      value: 1.0293233
      objectReference: {fileID: 0}
    - target: {fileID: 2269346185268593146, guid: e9a076d7645896d49bf43f911edc6b1e,
        type: 3}
      propertyPath: m_Center.x
      value: 0.0153380595
      objectReference: {fileID: 0}
    - target: {fileID: 2269346185268593146, guid: e9a076d7645896d49bf43f911edc6b1e,
        type: 3}
      propertyPath: m_Center.y
      value: -0.120000005
      objectReference: {fileID: 0}
    m_RemovedComponents: []
  m_SourcePrefab: {fileID: 100100000, guid: e9a076d7645896d49bf43f911edc6b1e, type: 3}
--- !u!1001 &1225896579
PrefabInstance:
  m_ObjectHideFlags: 0
  serializedVersion: 2
  m_Modification:
    m_TransformParent: {fileID: 554580643}
    m_Modifications:
    - target: {fileID: 2269346183296588270, guid: e9a076d7645896d49bf43f911edc6b1e,
        type: 3}
      propertyPath: m_Name
      value: Ground (6)
      objectReference: {fileID: 0}
    - target: {fileID: 2269346183296588265, guid: e9a076d7645896d49bf43f911edc6b1e,
        type: 3}
      propertyPath: m_LocalPosition.x
      value: 11.16
      objectReference: {fileID: 0}
    - target: {fileID: 2269346183296588265, guid: e9a076d7645896d49bf43f911edc6b1e,
        type: 3}
      propertyPath: m_LocalPosition.y
      value: -4.45
      objectReference: {fileID: 0}
    - target: {fileID: 2269346183296588265, guid: e9a076d7645896d49bf43f911edc6b1e,
        type: 3}
      propertyPath: m_LocalPosition.z
      value: -4.103446
      objectReference: {fileID: 0}
    - target: {fileID: 2269346183296588265, guid: e9a076d7645896d49bf43f911edc6b1e,
        type: 3}
      propertyPath: m_LocalRotation.x
      value: -0
      objectReference: {fileID: 0}
    - target: {fileID: 2269346183296588265, guid: e9a076d7645896d49bf43f911edc6b1e,
        type: 3}
      propertyPath: m_LocalRotation.y
      value: -0
      objectReference: {fileID: 0}
    - target: {fileID: 2269346183296588265, guid: e9a076d7645896d49bf43f911edc6b1e,
        type: 3}
      propertyPath: m_LocalRotation.z
      value: -0
      objectReference: {fileID: 0}
    - target: {fileID: 2269346183296588265, guid: e9a076d7645896d49bf43f911edc6b1e,
        type: 3}
      propertyPath: m_LocalRotation.w
      value: 1
      objectReference: {fileID: 0}
    - target: {fileID: 2269346183296588265, guid: e9a076d7645896d49bf43f911edc6b1e,
        type: 3}
      propertyPath: m_RootOrder
      value: 8
      objectReference: {fileID: 0}
    - target: {fileID: 2269346183296588265, guid: e9a076d7645896d49bf43f911edc6b1e,
        type: 3}
      propertyPath: m_LocalEulerAnglesHint.x
      value: 0
      objectReference: {fileID: 0}
    - target: {fileID: 2269346183296588265, guid: e9a076d7645896d49bf43f911edc6b1e,
        type: 3}
      propertyPath: m_LocalEulerAnglesHint.y
      value: 0
      objectReference: {fileID: 0}
    - target: {fileID: 2269346183296588265, guid: e9a076d7645896d49bf43f911edc6b1e,
        type: 3}
      propertyPath: m_LocalEulerAnglesHint.z
      value: 0
      objectReference: {fileID: 0}
    - target: {fileID: 2269346183296588265, guid: e9a076d7645896d49bf43f911edc6b1e,
        type: 3}
      propertyPath: m_LocalScale.x
      value: 5.349139
      objectReference: {fileID: 0}
    - target: {fileID: 2269346183296588265, guid: e9a076d7645896d49bf43f911edc6b1e,
        type: 3}
      propertyPath: m_LocalScale.z
      value: 0.81
      objectReference: {fileID: 0}
    - target: {fileID: 2269346183296588265, guid: e9a076d7645896d49bf43f911edc6b1e,
        type: 3}
      propertyPath: m_LocalScale.y
      value: 2.2457108
      objectReference: {fileID: 0}
    - target: {fileID: 2269346185268593146, guid: e9a076d7645896d49bf43f911edc6b1e,
        type: 3}
      propertyPath: m_Size.x
      value: 1.0309536
      objectReference: {fileID: 0}
    - target: {fileID: 2269346185268593146, guid: e9a076d7645896d49bf43f911edc6b1e,
        type: 3}
      propertyPath: m_Center.x
      value: 0.014522644
      objectReference: {fileID: 0}
    - target: {fileID: 2269346185268593146, guid: e9a076d7645896d49bf43f911edc6b1e,
        type: 3}
      propertyPath: m_Center.y
      value: -0.120000005
      objectReference: {fileID: 0}
    m_RemovedComponents: []
  m_SourcePrefab: {fileID: 100100000, guid: e9a076d7645896d49bf43f911edc6b1e, type: 3}
--- !u!4 &1264246145 stripped
Transform:
  m_CorrespondingSourceObject: {fileID: 2269346183296588265, guid: de7c000478c7ac446b323fe79dc60615,
    type: 3}
  m_PrefabInstance: {fileID: 2071904798570393452}
  m_PrefabAsset: {fileID: 0}
--- !u!1001 &1893696511
PrefabInstance:
  m_ObjectHideFlags: 0
  serializedVersion: 2
  m_Modification:
    m_TransformParent: {fileID: 554580643}
    m_Modifications:
    - target: {fileID: 2269346183296588270, guid: e9a076d7645896d49bf43f911edc6b1e,
        type: 3}
      propertyPath: m_Name
      value: Ground (5)
      objectReference: {fileID: 0}
    - target: {fileID: 2269346183296588265, guid: e9a076d7645896d49bf43f911edc6b1e,
        type: 3}
      propertyPath: m_LocalPosition.x
      value: 17.62
      objectReference: {fileID: 0}
    - target: {fileID: 2269346183296588265, guid: e9a076d7645896d49bf43f911edc6b1e,
        type: 3}
      propertyPath: m_LocalPosition.y
      value: -5.9430933
      objectReference: {fileID: 0}
    - target: {fileID: 2269346183296588265, guid: e9a076d7645896d49bf43f911edc6b1e,
        type: 3}
      propertyPath: m_LocalPosition.z
      value: -4.103446
      objectReference: {fileID: 0}
    - target: {fileID: 2269346183296588265, guid: e9a076d7645896d49bf43f911edc6b1e,
        type: 3}
      propertyPath: m_LocalRotation.x
      value: -0
      objectReference: {fileID: 0}
    - target: {fileID: 2269346183296588265, guid: e9a076d7645896d49bf43f911edc6b1e,
        type: 3}
      propertyPath: m_LocalRotation.y
      value: -0
      objectReference: {fileID: 0}
    - target: {fileID: 2269346183296588265, guid: e9a076d7645896d49bf43f911edc6b1e,
        type: 3}
      propertyPath: m_LocalRotation.z
      value: -0
      objectReference: {fileID: 0}
    - target: {fileID: 2269346183296588265, guid: e9a076d7645896d49bf43f911edc6b1e,
        type: 3}
      propertyPath: m_LocalRotation.w
      value: 1
      objectReference: {fileID: 0}
    - target: {fileID: 2269346183296588265, guid: e9a076d7645896d49bf43f911edc6b1e,
        type: 3}
      propertyPath: m_RootOrder
      value: 7
      objectReference: {fileID: 0}
    - target: {fileID: 2269346183296588265, guid: e9a076d7645896d49bf43f911edc6b1e,
        type: 3}
      propertyPath: m_LocalEulerAnglesHint.x
      value: 0
      objectReference: {fileID: 0}
    - target: {fileID: 2269346183296588265, guid: e9a076d7645896d49bf43f911edc6b1e,
        type: 3}
      propertyPath: m_LocalEulerAnglesHint.y
      value: 0
      objectReference: {fileID: 0}
    - target: {fileID: 2269346183296588265, guid: e9a076d7645896d49bf43f911edc6b1e,
        type: 3}
      propertyPath: m_LocalEulerAnglesHint.z
      value: 0
      objectReference: {fileID: 0}
    - target: {fileID: 2269346183296588265, guid: e9a076d7645896d49bf43f911edc6b1e,
        type: 3}
      propertyPath: m_LocalScale.x
      value: 35.660927
      objectReference: {fileID: 0}
    - target: {fileID: 2269346183296588265, guid: e9a076d7645896d49bf43f911edc6b1e,
        type: 3}
      propertyPath: m_LocalScale.z
      value: 0.81
      objectReference: {fileID: 0}
    - target: {fileID: 2269346185268593146, guid: e9a076d7645896d49bf43f911edc6b1e,
        type: 3}
      propertyPath: m_Size.x
      value: 1.0309536
      objectReference: {fileID: 0}
    - target: {fileID: 2269346185268593146, guid: e9a076d7645896d49bf43f911edc6b1e,
        type: 3}
      propertyPath: m_Center.x
      value: 0.014522644
      objectReference: {fileID: 0}
    - target: {fileID: 2269346185268593146, guid: e9a076d7645896d49bf43f911edc6b1e,
        type: 3}
      propertyPath: m_Center.y
      value: -0.120000005
      objectReference: {fileID: 0}
    m_RemovedComponents: []
  m_SourcePrefab: {fileID: 100100000, guid: e9a076d7645896d49bf43f911edc6b1e, type: 3}
--- !u!1001 &1940735613
PrefabInstance:
  m_ObjectHideFlags: 0
  serializedVersion: 2
  m_Modification:
    m_TransformParent: {fileID: 0}
    m_Modifications:
    - target: {fileID: 1908629918873308864, guid: eaaf59bbb0f595242a752fdd8257e5a9,
        type: 3}
      propertyPath: m_Name
      value: LevelGoal
      objectReference: {fileID: 0}
    - target: {fileID: 1908629918873308865, guid: eaaf59bbb0f595242a752fdd8257e5a9,
        type: 3}
      propertyPath: m_LocalPosition.x
      value: 32.78
      objectReference: {fileID: 0}
    - target: {fileID: 1908629918873308865, guid: eaaf59bbb0f595242a752fdd8257e5a9,
        type: 3}
      propertyPath: m_LocalPosition.y
      value: -6.48
      objectReference: {fileID: 0}
    - target: {fileID: 1908629918873308865, guid: eaaf59bbb0f595242a752fdd8257e5a9,
        type: 3}
      propertyPath: m_LocalPosition.z
      value: -3.19
      objectReference: {fileID: 0}
    - target: {fileID: 1908629918873308865, guid: eaaf59bbb0f595242a752fdd8257e5a9,
        type: 3}
      propertyPath: m_LocalRotation.x
      value: 0
      objectReference: {fileID: 0}
    - target: {fileID: 1908629918873308865, guid: eaaf59bbb0f595242a752fdd8257e5a9,
        type: 3}
      propertyPath: m_LocalRotation.y
      value: 0
      objectReference: {fileID: 0}
    - target: {fileID: 1908629918873308865, guid: eaaf59bbb0f595242a752fdd8257e5a9,
        type: 3}
      propertyPath: m_LocalRotation.z
      value: 0
      objectReference: {fileID: 0}
    - target: {fileID: 1908629918873308865, guid: eaaf59bbb0f595242a752fdd8257e5a9,
        type: 3}
      propertyPath: m_LocalRotation.w
      value: 1
      objectReference: {fileID: 0}
    - target: {fileID: 1908629918873308865, guid: eaaf59bbb0f595242a752fdd8257e5a9,
        type: 3}
      propertyPath: m_RootOrder
      value: 1
      objectReference: {fileID: 0}
    - target: {fileID: 1908629918873308865, guid: eaaf59bbb0f595242a752fdd8257e5a9,
        type: 3}
      propertyPath: m_LocalEulerAnglesHint.x
      value: 0
      objectReference: {fileID: 0}
    - target: {fileID: 1908629918873308865, guid: eaaf59bbb0f595242a752fdd8257e5a9,
        type: 3}
      propertyPath: m_LocalEulerAnglesHint.y
      value: 0
      objectReference: {fileID: 0}
    - target: {fileID: 1908629918873308865, guid: eaaf59bbb0f595242a752fdd8257e5a9,
        type: 3}
      propertyPath: m_LocalEulerAnglesHint.z
      value: 0
      objectReference: {fileID: 0}
    m_RemovedComponents: []
  m_SourcePrefab: {fileID: 100100000, guid: eaaf59bbb0f595242a752fdd8257e5a9, type: 3}
--- !u!4 &2008606317 stripped
Transform:
  m_CorrespondingSourceObject: {fileID: 2269346183296588265, guid: e9a076d7645896d49bf43f911edc6b1e,
    type: 3}
  m_PrefabInstance: {fileID: 1893696511}
  m_PrefabAsset: {fileID: 0}
--- !u!1001 &192317566510546032
PrefabInstance:
  m_ObjectHideFlags: 0
  serializedVersion: 2
  m_Modification:
    m_TransformParent: {fileID: 0}
    m_Modifications:
    - target: {fileID: 8103985477011352690, guid: 539c50910f53cb24fbba9d3dc156169f,
        type: 3}
      propertyPath: m_Name
      value: GameManager
      objectReference: {fileID: 0}
    - target: {fileID: 4673175975863021413, guid: 539c50910f53cb24fbba9d3dc156169f,
        type: 3}
      propertyPath: m_LocalPosition.x
      value: -6.104536
      objectReference: {fileID: 0}
    - target: {fileID: 4673175975863021413, guid: 539c50910f53cb24fbba9d3dc156169f,
        type: 3}
      propertyPath: m_LocalPosition.y
      value: -4.260166
      objectReference: {fileID: 0}
    - target: {fileID: 4673175975863021413, guid: 539c50910f53cb24fbba9d3dc156169f,
        type: 3}
      propertyPath: m_LocalPosition.z
      value: -3.2363281
      objectReference: {fileID: 0}
    - target: {fileID: 4673175975863021413, guid: 539c50910f53cb24fbba9d3dc156169f,
        type: 3}
      propertyPath: m_LocalRotation.x
      value: 0
      objectReference: {fileID: 0}
    - target: {fileID: 4673175975863021413, guid: 539c50910f53cb24fbba9d3dc156169f,
        type: 3}
      propertyPath: m_LocalRotation.y
      value: 0
      objectReference: {fileID: 0}
    - target: {fileID: 4673175975863021413, guid: 539c50910f53cb24fbba9d3dc156169f,
        type: 3}
      propertyPath: m_LocalRotation.z
      value: 0
      objectReference: {fileID: 0}
    - target: {fileID: 4673175975863021413, guid: 539c50910f53cb24fbba9d3dc156169f,
        type: 3}
      propertyPath: m_LocalRotation.w
      value: 1
      objectReference: {fileID: 0}
    - target: {fileID: 4673175975863021413, guid: 539c50910f53cb24fbba9d3dc156169f,
        type: 3}
      propertyPath: m_RootOrder
      value: 4
      objectReference: {fileID: 0}
    - target: {fileID: 4673175975863021413, guid: 539c50910f53cb24fbba9d3dc156169f,
        type: 3}
      propertyPath: m_LocalEulerAnglesHint.x
      value: 0
      objectReference: {fileID: 0}
    - target: {fileID: 4673175975863021413, guid: 539c50910f53cb24fbba9d3dc156169f,
        type: 3}
      propertyPath: m_LocalEulerAnglesHint.y
      value: 0
      objectReference: {fileID: 0}
    - target: {fileID: 4673175975863021413, guid: 539c50910f53cb24fbba9d3dc156169f,
        type: 3}
      propertyPath: m_LocalEulerAnglesHint.z
      value: 0
      objectReference: {fileID: 0}
    m_RemovedComponents: []
  m_SourcePrefab: {fileID: 100100000, guid: 539c50910f53cb24fbba9d3dc156169f, type: 3}
--- !u!1001 &2071904798570393452
PrefabInstance:
  m_ObjectHideFlags: 0
  serializedVersion: 2
  m_Modification:
    m_TransformParent: {fileID: 554580643}
    m_Modifications:
    - target: {fileID: 2269346183296588270, guid: de7c000478c7ac446b323fe79dc60615,
        type: 3}
      propertyPath: m_Name
      value: ObstacleSpikesOnTop
      objectReference: {fileID: 0}
    - target: {fileID: 2269346183296588265, guid: de7c000478c7ac446b323fe79dc60615,
        type: 3}
      propertyPath: m_LocalPosition.x
      value: -11.774573
      objectReference: {fileID: 0}
    - target: {fileID: 2269346183296588265, guid: de7c000478c7ac446b323fe79dc60615,
        type: 3}
      propertyPath: m_LocalPosition.y
      value: -2.3910933
      objectReference: {fileID: 0}
    - target: {fileID: 2269346183296588265, guid: de7c000478c7ac446b323fe79dc60615,
        type: 3}
      propertyPath: m_LocalPosition.z
      value: -4.103446
      objectReference: {fileID: 0}
    - target: {fileID: 2269346183296588265, guid: de7c000478c7ac446b323fe79dc60615,
        type: 3}
      propertyPath: m_LocalRotation.x
      value: -0
      objectReference: {fileID: 0}
    - target: {fileID: 2269346183296588265, guid: de7c000478c7ac446b323fe79dc60615,
        type: 3}
      propertyPath: m_LocalRotation.y
      value: -0
      objectReference: {fileID: 0}
    - target: {fileID: 2269346183296588265, guid: de7c000478c7ac446b323fe79dc60615,
        type: 3}
      propertyPath: m_LocalRotation.z
      value: -0
      objectReference: {fileID: 0}
    - target: {fileID: 2269346183296588265, guid: de7c000478c7ac446b323fe79dc60615,
        type: 3}
      propertyPath: m_LocalRotation.w
      value: 1
      objectReference: {fileID: 0}
    - target: {fileID: 2269346183296588265, guid: de7c000478c7ac446b323fe79dc60615,
        type: 3}
      propertyPath: m_RootOrder
      value: 2
      objectReference: {fileID: 0}
    - target: {fileID: 2269346183296588265, guid: de7c000478c7ac446b323fe79dc60615,
        type: 3}
      propertyPath: m_LocalEulerAnglesHint.x
      value: 0
      objectReference: {fileID: 0}
    - target: {fileID: 2269346183296588265, guid: de7c000478c7ac446b323fe79dc60615,
        type: 3}
      propertyPath: m_LocalEulerAnglesHint.y
      value: 0
      objectReference: {fileID: 0}
    - target: {fileID: 2269346183296588265, guid: de7c000478c7ac446b323fe79dc60615,
        type: 3}
      propertyPath: m_LocalEulerAnglesHint.z
      value: 0
      objectReference: {fileID: 0}
    - target: {fileID: 6188320370508779935, guid: de7c000478c7ac446b323fe79dc60615,
        type: 3}
      propertyPath: m_LocalScale.y
      value: 2.4808588
      objectReference: {fileID: 0}
    - target: {fileID: 6188320370508779935, guid: de7c000478c7ac446b323fe79dc60615,
        type: 3}
      propertyPath: m_LocalPosition.y
      value: -0.73
      objectReference: {fileID: 0}
    m_RemovedComponents: []
  m_SourcePrefab: {fileID: 100100000, guid: de7c000478c7ac446b323fe79dc60615, type: 3}
--- !u!1001 &4381920655054032307
PrefabInstance:
  m_ObjectHideFlags: 0
  serializedVersion: 2
  m_Modification:
    m_TransformParent: {fileID: 0}
    m_Modifications:
    - target: {fileID: 4381920656098458710, guid: 7e058485f75533a489304d7f807b771a,
        type: 3}
      propertyPath: m_Name
      value: Main Camera
      objectReference: {fileID: 0}
    - target: {fileID: 4381920656098458715, guid: 7e058485f75533a489304d7f807b771a,
        type: 3}
      propertyPath: m_LocalPosition.x
      value: 0
      objectReference: {fileID: 0}
    - target: {fileID: 4381920656098458715, guid: 7e058485f75533a489304d7f807b771a,
        type: 3}
      propertyPath: m_LocalPosition.y
      value: 1
      objectReference: {fileID: 0}
    - target: {fileID: 4381920656098458715, guid: 7e058485f75533a489304d7f807b771a,
        type: 3}
      propertyPath: m_LocalPosition.z
      value: -10
      objectReference: {fileID: 0}
    - target: {fileID: 4381920656098458715, guid: 7e058485f75533a489304d7f807b771a,
        type: 3}
      propertyPath: m_LocalRotation.x
      value: 0
      objectReference: {fileID: 0}
    - target: {fileID: 4381920656098458715, guid: 7e058485f75533a489304d7f807b771a,
        type: 3}
      propertyPath: m_LocalRotation.y
      value: 0
      objectReference: {fileID: 0}
    - target: {fileID: 4381920656098458715, guid: 7e058485f75533a489304d7f807b771a,
        type: 3}
      propertyPath: m_LocalRotation.z
      value: 0
      objectReference: {fileID: 0}
    - target: {fileID: 4381920656098458715, guid: 7e058485f75533a489304d7f807b771a,
        type: 3}
      propertyPath: m_LocalRotation.w
      value: 1
      objectReference: {fileID: 0}
    - target: {fileID: 4381920656098458715, guid: 7e058485f75533a489304d7f807b771a,
        type: 3}
      propertyPath: m_RootOrder
      value: 0
      objectReference: {fileID: 0}
    - target: {fileID: 4381920656098458715, guid: 7e058485f75533a489304d7f807b771a,
        type: 3}
      propertyPath: m_LocalEulerAnglesHint.x
      value: 0
      objectReference: {fileID: 0}
    - target: {fileID: 4381920656098458715, guid: 7e058485f75533a489304d7f807b771a,
        type: 3}
      propertyPath: m_LocalEulerAnglesHint.y
      value: 0
      objectReference: {fileID: 0}
    - target: {fileID: 4381920656098458715, guid: 7e058485f75533a489304d7f807b771a,
        type: 3}
      propertyPath: m_LocalEulerAnglesHint.z
      value: 0
      objectReference: {fileID: 0}
    m_RemovedComponents: []
  m_SourcePrefab: {fileID: 100100000, guid: 7e058485f75533a489304d7f807b771a, type: 3}
--- !u!1001 &5381852520201137171
PrefabInstance:
  m_ObjectHideFlags: 0
  serializedVersion: 2
  m_Modification:
    m_TransformParent: {fileID: 0}
    m_Modifications:
    - target: {fileID: 5381852520263691907, guid: 970c8c667a1a32b4c88da0e659e3b75c,
        type: 3}
      propertyPath: m_Name
      value: Player
      objectReference: {fileID: 0}
    - target: {fileID: 5381852520263691906, guid: 970c8c667a1a32b4c88da0e659e3b75c,
        type: 3}
      propertyPath: m_LocalPosition.x
      value: -6.74
      objectReference: {fileID: 0}
    - target: {fileID: 5381852520263691906, guid: 970c8c667a1a32b4c88da0e659e3b75c,
        type: 3}
      propertyPath: m_LocalPosition.y
      value: -6.56
      objectReference: {fileID: 0}
    - target: {fileID: 5381852520263691906, guid: 970c8c667a1a32b4c88da0e659e3b75c,
        type: 3}
      propertyPath: m_LocalPosition.z
      value: -3.23
      objectReference: {fileID: 0}
    - target: {fileID: 5381852520263691906, guid: 970c8c667a1a32b4c88da0e659e3b75c,
        type: 3}
      propertyPath: m_LocalRotation.x
      value: 0
      objectReference: {fileID: 0}
    - target: {fileID: 5381852520263691906, guid: 970c8c667a1a32b4c88da0e659e3b75c,
        type: 3}
      propertyPath: m_LocalRotation.y
      value: 0
      objectReference: {fileID: 0}
    - target: {fileID: 5381852520263691906, guid: 970c8c667a1a32b4c88da0e659e3b75c,
        type: 3}
      propertyPath: m_LocalRotation.z
      value: 0
      objectReference: {fileID: 0}
    - target: {fileID: 5381852520263691906, guid: 970c8c667a1a32b4c88da0e659e3b75c,
        type: 3}
      propertyPath: m_LocalRotation.w
      value: 1
      objectReference: {fileID: 0}
    - target: {fileID: 5381852520263691906, guid: 970c8c667a1a32b4c88da0e659e3b75c,
        type: 3}
      propertyPath: m_RootOrder
      value: 2
      objectReference: {fileID: 0}
    - target: {fileID: 5381852520263691906, guid: 970c8c667a1a32b4c88da0e659e3b75c,
        type: 3}
      propertyPath: m_LocalEulerAnglesHint.x
      value: 0
      objectReference: {fileID: 0}
    - target: {fileID: 5381852520263691906, guid: 970c8c667a1a32b4c88da0e659e3b75c,
        type: 3}
      propertyPath: m_LocalEulerAnglesHint.y
      value: 0
      objectReference: {fileID: 0}
    - target: {fileID: 5381852520263691906, guid: 970c8c667a1a32b4c88da0e659e3b75c,
        type: 3}
      propertyPath: m_LocalEulerAnglesHint.z
      value: 0
      objectReference: {fileID: 0}
    m_RemovedComponents: []
  m_SourcePrefab: {fileID: 100100000, guid: 970c8c667a1a32b4c88da0e659e3b75c, type: 3}
